<record><leader>00000cas a2200000 a 4500</leader><controlfield tag="001">38927581</controlfield><controlfield tag="007">hd afv---baca</controlfield><controlfield tag="007">hd bfv---baaa</controlfield><controlfield tag="007">hd bfv---baba</controlfield><controlfield tag="008">980409d18721873pauwr nea     0    0eng c</controlfield><datafield ind1=" " ind2=" " tag="010"><subfield code="a">sn 98016153 </subfield></datafield><datafield ind1=" " ind2=" " tag="040"><subfield code="a">ATL</subfield><subfield code="b">eng</subfield><subfield code="c">ATL</subfield><subfield code="d">OCLCQ</subfield><subfield code="d">OCLCF</subfield><subfield code="d">OCLCO</subfield><subfield code="d">OCLCQ</subfield><subfield code="d">OCLCA</subfield></datafield><datafield ind1=" " ind2=" " tag="042"><subfield code="a">pcc</subfield></datafield><datafield ind1="1" ind2="4" tag="050"><subfield code="a">BX801</subfield></datafield><datafield ind1="0" ind2=" " tag="130"><subfield code="a">Catholic herald (Philadelphia, Pa. : 1872)</subfield></datafield><datafield ind1="1" ind2="0" tag="245"><subfield code="a">Catholic herald.</subfield></datafield><datafield ind1=" " ind2=" " tag="260"><subfield code="a">Philadelphia, Pa. :</subfield><subfield code="b">Mark F. Vallette,</subfield><subfield code="c">1872-1873.</subfield></datafield><datafield ind1=" " ind2=" " tag="300"><subfield code="a">3 volumes ;</subfield><subfield code="c">52 cm</subfield></datafield><datafield ind1=" " ind2=" " tag="310"><subfield code="a">Weekly</subfield></datafield><datafield ind1=" " ind2=" " tag="336"><subfield code="a">text</subfield><subfield code="b">txt</subfield><subfield code="2">rdacontent</subfield></datafield><datafield ind1=" " ind2=" " tag="337"><subfield code="a">microform</subfield><subfield code="b">h</subfield><subfield code="2">rdamedia</subfield></datafield><datafield ind1=" " ind2=" " tag="338"><subfield code="a">microfilm reel</subfield><subfield code="b">hd</subfield><subfield code="2">rdacarrier</subfield></datafield><datafield ind1="0" ind2=" " tag="362"><subfield code="a">Vol. 1, no. 1 (June 22, 1872)-v. 3, no. 71 (Nov. 15, 1873).</subfield></datafield><datafield ind1=" " ind2=" " tag="533"><subfield code="a">Microfilm.</subfield><subfield code="m">v.1-3 (1872-1873):[Lacks:no. 29:p.1-2,5-8;no. 54,67/68,70]</subfield><subfield code="b">Evanston, Ill. :</subfield><subfield code="c">American Theological Library Association,</subfield><subfield code="d">1976.</subfield><subfield code="e">1 microfilm reel ; 35 mm.</subfield><subfield code="f">(ATLA serials preservation program ; ATLA film S0267A).</subfield></datafield><datafield ind1="2" ind2="0" tag="610"><subfield code="a">Catholic Church</subfield><subfield code="v">Newspapers.</subfield></datafield><datafield ind1="2" ind2="7" tag="610"><subfield code="a">Catholic Church.</subfield><subfield code="2">fast</subfield><subfield code="0">(OCoLC)fst00531720</subfield></datafield><datafield ind1=" " ind2="7" tag="655"><subfield code="a">Newspapers.</subfield><subfield code="2">fast</subfield><subfield code="0">(OCoLC)fst01423814</subfield></datafield><datafield ind1=" " ind2=" " tag="752"><subfield code="a">United States</subfield><subfield code="b">Pennsylvania</subfield><subfield code="c">Philadelphia</subfield><subfield code="d">Philadelphia.</subfield></datafield><datafield ind1="1" ind2=" " tag="776"><subfield code="c">Original</subfield><subfield code="w">(DLC)sn 83032326</subfield><subfield code="w">(OCoLC)10255609</subfield></datafield><datafield ind1=" " ind2="0" tag="830"><subfield code="a">ATLA serials preservation program ;</subfield><subfield code="v">ATLA film S0267A.</subfield></datafield><datafield ind1="1" ind2=" " tag="029"><subfield code="a">AU@</subfield><subfield code="b">000025928970</subfield></datafield></record>